<?xml version="1.0" encoding="UTF-8"?><record xmlns="http://www.loc.gov/MARC21/slim" xmlns:cinclude="http://apache.org/cocoon/include/1.0" xmlns:zs="http://www.loc.gov/zing/srw/">
  <leader>00521cz  a2200133n  4500</leader>
  <controlfield tag="001">n 2008015328</controlfield>
  <controlfield tag="003">DLC</controlfield>
  <controlfield tag="005">20080305075727.0</controlfield>
  <controlfield tag="008">080304n| acannaabn          |a aaa      </controlfield>
  <datafield tag="010" ind1=" " ind2=" ">
    <subfield code="a">n 2008015328</subfield>
  </datafield>
  <datafield tag="040" ind1=" " ind2=" ">
    <subfield code="a">DLC</subfield>
    <subfield code="b">eng</subfield>
    <subfield code="c">DLC</subfield>
  </datafield>
  <datafield tag="100" ind1="1" ind2=" ">
    <subfield code="a">Mansurzadä, Ağäddin,</subfield>
    <subfield code="d">1940-</subfield>
  </datafield>
  <datafield tag="400" ind1="1" ind2=" ">
    <subfield code="a">Mansurzadä, Hacı Ağäddin,</subfield>
    <subfield code="d">1940-</subfield>
  </datafield>
  <datafield tag="670" ind1=" " ind2=" ">
    <subfield code="a">Näsir İmanquliyev mäktäbi, 2007:</subfield>
    <subfield code="b">t.p. (Hacı Ağäddin Mansurzadä) p. 291 (Ağäddin Mansur oğlu Mansurzadä) p. 283 (b. 28 Aug 1940 in Qodman, Masallı rayonu, Azerbaijan)</subfield>
  </datafield>
</record>